[
  {
    "productId": "1001",
    "gtin": "7091234000013",
    "name": "Grovt brød 750 g",
    "kategori": "Brød",
    "description": "Nybakt, grovt brød med høy fiber.",
    "price": 44.18,
    "pricePerUnit": 58.91,
    "unit": "kg",
    "allergens": "hvete, gluten, melk",
    "carbonFootprintGram": 325,
    "organic": false
  },
  {
    "productId": "1002",
    "gtin": "7091234000020",
    "name": "Fint brød 750 g",
    "kategori": "Brød",
    "description": "Luftig hverdagsbrød.",
    "price": 29.19,
    "pricePerUnit": 38.92,
    "unit": "kg",
    "allergens": "hvete, gluten",
    "carbonFootprintGram": 404,
    "organic": false
  },
  {
    "productId": "1003",
    "gtin": "7091234000037",
    "name": "Surdeigsbrød 800 g",
    "kategori": "Brød",
    "description": "Langtidshevet med sprø skorpe.",
    "price": 25.95,
    "pricePerUnit": 32.44,
    "unit": "kg",
    "allergens": "hvete, gluten",
    "carbonFootprintGram": 395,
    "organic": false
  },
  {
    "productId": "1004",
    "gtin": "7091234000044",
    "name": "Rundstykker 600 g",
    "kategori": "Brød",
    "description": "6 stk grove rundstykker.",
    "price": 43.06,
    "pricePerUnit": 71.77,
    "unit": "kg",
    "allergens": "hvete, gluten, sesam",
    "carbonFootprintGram": 874,
    "organic": false
  },
  {
    "productId": "1005",
    "gtin": "7091234000051",
    "name": "Polarbrød 480 g",
    "kategori": "Brød",
    "description": "Myke brødskiver, 12 stk.",
    "price": 46.04,
    "pricePerUnit": 95.92,
    "unit": "kg",
    "allergens": "hvete, gluten, melk",
    "carbonFootprintGram": 729,
    "organic": false
  },
  {
    "productId": "1006",
    "gtin": "7091234000068",
    "name": "Fullkorns tortillas 400 g",
    "kategori": "Brød",
    "description": "8 stk fullkornstortilla.",
    "price": 33.35,
    "pricePerUnit": 83.38,
    "unit": "kg",
    "allergens": "hvete, gluten",
    "carbonFootprintGram": 306,
    "organic": false
  },
  {
    "productId": "1007",
    "gtin": "7091234000075",
    "name": "Glutenfritt brød 600 g",
    "kategori": "Brød",
    "description": "Saftig, glutenfritt brød.",
    "price": 35.21,
    "pricePerUnit": 58.68,
    "unit": "kg",
    "allergens": "egg",
    "carbonFootprintGram": 459,
    "organic": false
  },
  {
    "productId": "1008",
    "gtin": "7091234000082",
    "name": "Knekkebrød 300 g",
    "kategori": "Brød",
    "description": "Sprø knekkebrød med frø. Organisk",
    "price": 35.1,
    "pricePerUnit": 117,
    "unit": "kg",
    "allergens": "sesam, gluten",
    "carbonFootprintGram": 394,
    "organic": true
  },
  {
    "productId": "1009",
    "gtin": "7091234000099",
    "name": "Bagetter 500 g",
    "kategori": "Brød",
    "description": "2 stk lyse bagetter.",
    "price": 50.42,
    "pricePerUnit": 100.84,
    "unit": "kg",
    "allergens": "hvete, gluten",
    "carbonFootprintGram": 570,
    "organic": false
  },
  {
    "productId": "1010",
    "gtin": "7091234000105",
    "name": "Speltbrød 750 g",
    "kategori": "Brød",
    "description": "Brød av speltmel.",
    "price": 41.09,
    "pricePerUnit": 54.79,
    "unit": "kg",
    "allergens": "gluten",
    "carbonFootprintGram": 687,
    "organic": false
  },
  {
    "productId": "1011",
    "gtin": "7091234000112",
    "name": "Helmelk 1 l",
    "kategori": "Annet",
    "description": "Fyldig helmelk.",
    "price": 52.32,
    "pricePerUnit": 52.32,
    "unit": "l",
    "allergens": "melk, laktose",
    "carbonFootprintGram": 1766,
    "organic": false
  },
  {
    "productId": "1012",
    "gtin": "7091234000129",
    "name": "Lettmelk 1 l",
    "kategori": "Annet",
    "description": "Lettmelk 1,0% fett.",
    "price": 46.71,
    "pricePerUnit": 46.71,
    "unit": "l",
    "allergens": "melk, laktose",
    "carbonFootprintGram": 593,
    "organic": false
  },
  {
    "productId": "1013",
    "gtin": "7091234000136",
    "name": "Skummet melk 1 l",
    "kategori": "Annet",
    "description": "Skummet melk.",
    "price": 28.02,
    "pricePerUnit": 28.02,
    "unit": "l",
    "allergens": "melk, laktose",
    "carbonFootprintGram": 663,
    "organic": false
  },
  {
    "productId": "1014",
    "gtin": "7091234000143",
    "name": "Yoghurt naturell 500 g",
    "kategori": "Annet",
    "description": "Naturell yoghurt.",
    "price": 32.11,
    "pricePerUnit": 64.22,
    "unit": "kg",
    "allergens": "melk, laktose",
    "carbonFootprintGram": 1428,
    "organic": false
  },
  {
    "productId": "1015",
    "gtin": "7091234000150",
    "name": "Gresk yoghurt 350 g",
    "kategori": "Annet",
    "description": "Kremet gresk yoghurt.",
    "price": 22.32,
    "pricePerUnit": 63.77,
    "unit": "kg",
    "allergens": "melk, laktose",
    "carbonFootprintGram": 1227,
    "organic": false
  },
  {
    "productId": "1016",
    "gtin": "7091234000167",
    "name": "Smør 250 g",
    "kategori": "Annet",
    "description": "Saltet meierismør.",
    "price": 46.58,
    "pricePerUnit": 186.32,
    "unit": "kg",
    "allergens": "melk, laktose",
    "carbonFootprintGram": 646,
    "organic": false
  },
  {
    "productId": "1017",
    "gtin": "7091234000174",
    "name": "Rømme 300 g",
    "kategori": "Annet",
    "description": "Lettrømme 18%.",
    "price": 39.04,
    "pricePerUnit": 130.13,
    "unit": "kg",
    "allergens": "melk, laktose",
    "carbonFootprintGram": 1001,
    "organic": false
  },
  {
    "productId": "1018",
    "gtin": "7091234000181",
    "name": "Cottage cheese 420 g",
    "kategori": "Annet",
    "description": "Mager cottage cheese.",
    "price": 27.15,
    "pricePerUnit": 64.64,
    "unit": "kg",
    "allergens": "melk, laktose",
    "carbonFootprintGram": 1640,
    "organic": false
  },
  {
    "productId": "1019",
    "gtin": "7091234000198",
    "name": "Norvegia skivet 300 g",
    "kategori": "Annet",
    "description": "Mild gulost.",
    "price": 52.93,
    "pricePerUnit": 176.43,
    "unit": "kg",
    "allergens": "melk, laktose",
    "carbonFootprintGram": 614,
    "organic": false
  },
  {
    "productId": "1020",
    "gtin": "7091234000204",
    "name": "Jarlsberg blokk 500 g",
    "kategori": "Annet",
    "description": "Smaksrik gulost. Organisk",
    "price": 51.23,
    "pricePerUnit": 102.46,
    "unit": "kg",
    "allergens": "melk, laktose",
    "carbonFootprintGram": 1321,
    "organic": true
  },
  {
    "productId": "1021",
    "gtin": "7091234000211",
    "name": "Kjøttdeig storfe 400 g",
    "kategori": "Kjøtt",
    "description": "10% fett.",
    "price": 149.14,
    "pricePerUnit": 372.85,
    "unit": "kg",
    "allergens": "ingen",
    "carbonFootprintGram": 11792,
    "organic": false
  },
  {
    "productId": "1022",
    "gtin": "7091234000228",
    "name": "Karbonadedeig 400 g",
    "kategori": "Kjøtt",
    "description": "5% fett.",
    "price": 97.4,
    "pricePerUnit": 243.5,
    "unit": "kg",
    "allergens": "ingen",
    "carbonFootprintGram": 10017,
    "organic": false
  },
  {
    "productId": "1023",
    "gtin": "7091234000235",
    "name": "Kyllingfilet 700 g",
    "kategori": "Kjøtt",
    "description": "Naturell, 3-4 stk.",
    "price": 65.83,
    "pricePerUnit": 94.04,
    "unit": "kg",
    "allergens": "ingen",
    "carbonFootprintGram": 11697,
    "organic": false
  },
  {
    "productId": "1024",
    "gtin": "7091234000242",
    "name": "Svinefilet 600 g",
    "kategori": "Kjøtt",
    "description": "Indrefilet av svin.",
    "price": 88.55,
    "pricePerUnit": 147.58,
    "unit": "kg",
    "allergens": "ingen",
    "carbonFootprintGram": 9043,
    "organic": false
  },
  {
    "productId": "1025",
    "gtin": "7091234000259",
    "name": "Bacon skivet 150 g",
    "kategori": "Kjøtt",
    "description": "Sprøstekt potensiale. Organisk",
    "price": 159.69,
    "pricePerUnit": 1064.6,
    "unit": "kg",
    "allergens": "ingen",
    "carbonFootprintGram": 10848,
    "organic": true
  },
  {
    "productId": "1026",
    "gtin": "7091234000266",
    "name": "Kyllingkjøttdeig 400 g",
    "kategori": "Kjøtt",
    "description": "10% fett.",
    "price": 40.89,
    "pricePerUnit": 102.22,
    "unit": "kg",
    "allergens": "ingen",
    "carbonFootprintGram": 4296,
    "organic": false
  },
  {
    "productId": "1027",
    "gtin": "7091234000273",
    "name": "Pølser wiener 500 g",
    "kategori": "Kjøtt",
    "description": "8 stk.",
    "price": 134.01,
    "pricePerUnit": 268.02,
    "unit": "kg",
    "allergens": "ingen",
    "carbonFootprintGram": 9416,
    "organic": false
  },
  {
    "productId": "1028",
    "gtin": "7091234000280",
    "name": "Kjøttboller 500 g",
    "kategori": "Kjøtt",
    "description": "Klassiske kjøttboller.",
    "price": 109.49,
    "pricePerUnit": 218.98,
    "unit": "kg",
    "allergens": "ingen",
    "carbonFootprintGram": 10168,
    "organic": false
  },
  {
    "productId": "1029",
    "gtin": "7091234000297",
    "name": "Lammeskav 400 g",
    "kategori": "Kjøtt",
    "description": "Tynne skiver av lam.",
    "price": 142.6,
    "pricePerUnit": 356.5,
    "unit": "kg",
    "allergens": "ingen",
    "carbonFootprintGram": 2688,
    "organic": false
  },
  {
    "productId": "1030",
    "gtin": "7091234000303",
    "name": "Skinke pålegg 150 g",
    "kategori": "Kjøtt",
    "description": "Kokt skinke i skiver.",
    "price": 102.12,
    "pricePerUnit": 680.8,
    "unit": "kg",
    "allergens": "ingen",
    "carbonFootprintGram": 6871,
    "organic": false
  },
  {
    "productId": "1031",
    "gtin": "7091234000310",
    "name": "Laksefilet 500 g",
    "kategori": "Kjøtt",
    "description": "2-3 stk, uten skinn.",
    "price": 72.17,
    "pricePerUnit": 144.34,
    "unit": "kg",
    "allergens": "fisk",
    "carbonFootprintGram": 3058,
    "organic": false
  },
  {
    "productId": "1032",
    "gtin": "7091234000327",
    "name": "Torskefilet 400 g",
    "kategori": "Kjøtt",
    "description": "Benfri filet.",
    "price": 125.1,
    "pricePerUnit": 312.75,
    "unit": "kg",
    "allergens": "fisk",
    "carbonFootprintGram": 2278,
    "organic": false
  },
  {
    "productId": "1033",
    "gtin": "7091234000334",
    "name": "Fiskekaker 400 g",
    "kategori": "Kjøtt",
    "description": "Høy andel fisk.",
    "price": 80.92,
    "pricePerUnit": 202.3,
    "unit": "kg",
    "allergens": "fisk, melk, gluten",
    "carbonFootprintGram": 1635,
    "organic": false
  },
  {
    "productId": "1034",
    "gtin": "7091234000341",
    "name": "Makrell i tomat 170 g",
    "kategori": "Kjøtt",
    "description": "Pålegg i boks.",
    "price": 96.67,
    "pricePerUnit": 568.65,
    "unit": "kg",
    "allergens": "fisk",
    "carbonFootprintGram": 2014,
    "organic": false
  },
  {
    "productId": "1035",
    "gtin": "7091234000358",
    "name": "Reker i lake 200 g",
    "kategori": "Kjøtt",
    "description": "Skrelte reker.",
    "price": 39.39,
    "pricePerUnit": 196.95,
    "unit": "kg",
    "allergens": "skalldyr",
    "carbonFootprintGram": 3372,
    "organic": false
  },
  {
    "productId": "1036",
    "gtin": "7091234000365",
    "name": "Sild i glass 380 g",
    "kategori": "Kjøtt",
    "description": "Krydret sild.",
    "price": 78.63,
    "pricePerUnit": 206.92,
    "unit": "kg",
    "allergens": "fisk, sulfitt",
    "carbonFootprintGram": 1658,
    "organic": false
  },
  {
    "productId": "1037",
    "gtin": "7091234000372",
    "name": "Tunfisk i vann 185 g",
    "kategori": "Kjøtt",
    "description": "Naturlig smak. Organisk",
    "price": 119.8,
    "pricePerUnit": 647.57,
    "unit": "kg",
    "allergens": "fisk",
    "carbonFootprintGram": 2459,
    "organic": true
  },
  {
    "productId": "1038",
    "gtin": "7091234000389",
    "name": "Fish fingers 450 g",
    "kategori": "Kjøtt",
    "description": "Panerte fiskepinner.",
    "price": 125.36,
    "pricePerUnit": 278.58,
    "unit": "kg",
    "allergens": "fisk, gluten",
    "carbonFootprintGram": 1522,
    "organic": false
  },
  {
    "productId": "1039",
    "gtin": "7091234000396",
    "name": "Røkelaks skivet 200 g",
    "kategori": "Kjøtt",
    "description": "Tynne skiver. Organisk",
    "price": 117.92,
    "pricePerUnit": 589.6,
    "unit": "kg",
    "allergens": "fisk",
    "carbonFootprintGram": 3381,
    "organic": true
  },
  {
    "productId": "1040",
    "gtin": "7091234000402",
    "name": "Kaviar tube 190 g",
    "kategori": "Kjøtt",
    "description": "Mild kaviar.",
    "price": 77.03,
    "pricePerUnit": 405.42,
    "unit": "kg",
    "allergens": "fisk",
    "carbonFootprintGram": 3451,
    "organic": false
  },
  {
    "productId": "1041",
    "gtin": "7091234000419",
    "name": "Epler",
    "kategori": "Frukt",
    "description": "Saftige røde epler. Kilopris",
    "price": 44.9,
    "pricePerUnit": 44.9,
    "unit": "kg",
    "allergens": "ingen",
    "carbonFootprintGram": 296,
    "organic": false
  },
  {
    "productId": "1042",
    "gtin": "7091234000426",
    "name": "Bananer",
    "kategori": "Frukt",
    "description": "Modne bananer. Kilopris. Organisk",
    "price": 40.21,
    "pricePerUnit": 40.21,
    "unit": "kg",
    "allergens": "ingen",
    "carbonFootprintGram": 182,
    "organic": true
  },
  {
    "productId": "1043",
    "gtin": "7091234000433",
    "name": "Appelsiner",
    "kategori": "Frukt",
    "description": "Søte appelsiner. Kilopris",
    "price": 49.81,
    "pricePerUnit": 49.81,
    "unit": "kg",
    "allergens": "ingen",
    "carbonFootprintGram": 271,
    "organic": false
  },
  {
    "productId": "1044",
    "gtin": "7091234000440",
    "name": "Druer grønne 500 g",
    "kategori": "Frukt",
    "description": "Kjernefrie. Organisk",
    "price": 28.06,
    "pricePerUnit": 56.12,
    "unit": "kg",
    "allergens": "ingen",
    "carbonFootprintGram": 206,
    "organic": true
  },
  {
    "productId": "1045",
    "gtin": "7091234000457",
    "name": "Jordbær 500 g",
    "kategori": "Frukt",
    "description": "Friske bær.",
    "price": 10.84,
    "pricePerUnit": 21.68,
    "unit": "kg",
    "allergens": "ingen",
    "carbonFootprintGram": 363,
    "organic": false
  },
  {
    "productId": "1046",
    "gtin": "7091234000464",
    "name": "Blåbær 300 g",
    "kategori": "Frukt",
    "description": "Norske blåbær. Organisk",
    "price": 10.29,
    "pricePerUnit": 34.3,
    "unit": "kg",
    "allergens": "ingen",
    "carbonFootprintGram": 110,
    "organic": true
  },
  {
    "productId": "1047",
    "gtin": "7091234000471",
    "name": "Pærer",
    "kategori": "Frukt",
    "description": "Sprø og søte. Kilopris",
    "price": 11.26,
    "pricePerUnit": 11.26,
    "unit": "kg",
    "allergens": "ingen",
    "carbonFootprintGram": 249,
    "organic": false
  },
  {
    "productId": "1048",
    "gtin": "7091234000488",
    "name": "Mango 400 g",
    "kategori": "Frukt",
    "description": "Spiseklar.",
    "price": 21.14,
    "pricePerUnit": 52.85,
    "unit": "kg",
    "allergens": "ingen",
    "carbonFootprintGram": 328,
    "organic": false
  },
  {
    "productId": "1049",
    "gtin": "7091234000495",
    "name": "Ananas",
    "kategori": "Frukt",
    "description": "Hel ananas. Kilopris",
    "price": 38.93,
    "pricePerUnit": 38.93,
    "unit": "kg",
    "allergens": "ingen",
    "carbonFootprintGram": 372,
    "organic": false
  },
  {
    "productId": "1050",
    "gtin": "7091234000501",
    "name": "Sitron 500 g",
    "kategori": "Frukt",
    "description": "Aromatisk. Organisk",
    "price": 41.38,
    "pricePerUnit": 82.76,
    "unit": "kg",
    "allergens": "ingen",
    "carbonFootprintGram": 288,
    "organic": true
  },
  {
    "productId": "1051",
    "gtin": "7091234000518",
    "name": "Gulrøtter",
    "kategori": "Grønt",
    "description": "Søt og sprø. Kilopris",
    "price": 32.38,
    "pricePerUnit": 32.38,
    "unit": "kg",
    "allergens": "ingen",
    "carbonFootprintGram": 261,
    "organic": false
  },
  {
    "productId": "1052",
    "gtin": "7091234000525",
    "name": "Poteter 2 kg",
    "kategori": "Grønt",
    "description": "Kokefaste.",
    "price": 39.96,
    "pricePerUnit": 19.98,
    "unit": "kg",
    "allergens": "ingen",
    "carbonFootprintGram": 107,
    "organic": false
  },
  {
    "productId": "1053",
    "gtin": "7091234000532",
    "name": "Løk",
    "kategori": "Grønt",
    "description": "Gul løk. Kilopris",
    "price": 31.91,
    "pricePerUnit": 31.91,
    "unit": "kg",
    "allergens": "ingen",
    "carbonFootprintGram": 111,
    "organic": false
  },
  {
    "productId": "1054",
    "gtin": "7091234000549",
    "name": "Paprika rød 250 g",
    "kategori": "Grønt",
    "description": "Søt paprika. Organisk",
    "price": 37.62,
    "pricePerUnit": 150.48,
    "unit": "kg",
    "allergens": "ingen",
    "carbonFootprintGram": 135,
    "organic": true
  },
  {
    "productId": "1055",
    "gtin": "7091234000556",
    "name": "Agurk 350 g",
    "kategori": "Grønt",
    "description": "Knasende sprø. Organisk",
    "price": 27.84,
    "pricePerUnit": 79.54,
    "unit": "kg",
    "allergens": "ingen",
    "carbonFootprintGram": 151,
    "organic": true
  },
  {
    "productId": "1056",
    "gtin": "7091234000563",
    "name": "Tomater 600 g",
    "kategori": "Grønt",
    "description": "Cluster tomater.",
    "price": 25.12,
    "pricePerUnit": 41.87,
    "unit": "kg",
    "allergens": "ingen",
    "carbonFootprintGram": 118,
    "organic": false
  },
  {
    "productId": "1057",
    "gtin": "7091234000570",
    "name": "Brokkoli 500 g",
    "kategori": "Grønt",
    "description": "Hel brokkoli.",
    "price": 39.67,
    "pricePerUnit": 79.34,
    "unit": "kg",
    "allergens": "ingen",
    "carbonFootprintGram": 130,
    "organic": false
  },
  {
    "productId": "1058",
    "gtin": "7091234000587",
    "name": "Salat miks 150 g",
    "kategori": "Grønt",
    "description": "Vasket og klar.",
    "price": 28,
    "pricePerUnit": 186.67,
    "unit": "kg",
    "allergens": "ingen",
    "carbonFootprintGram": 87,
    "organic": false
  },
  {
    "productId": "1059",
    "gtin": "7091234000594",
    "name": "Hvitløk 100 g",
    "kategori": "Grønt",
    "description": "2-3 kinesiske hvitløk.",
    "price": 39.4,
    "pricePerUnit": 394,
    "unit": "kg",
    "allergens": "ingen",
    "carbonFootprintGram": 165,
    "organic": false
  },
  {
    "productId": "1060",
    "gtin": "7091234000600",
    "name": "Avokado 300 g",
    "kategori": "Frukt",
    "description": "2 stk modne. Organisk",
    "price": 15.91,
    "pricePerUnit": 53.03,
    "unit": "kg",
    "allergens": "ingen",
    "carbonFootprintGram": 285,
    "organic": true
  },
  {
    "productId": "1061",
    "gtin": "7091234000617",
    "name": "Spaghetti 500 g",
    "kategori": "Annet",
    "description": "Klassisk pasta.",
    "price": 10.15,
    "pricePerUnit": 20.3,
    "unit": "kg",
    "allergens": "hvete, gluten",
    "carbonFootprintGram": 549,
    "organic": false
  },
  {
    "productId": "1062",
    "gtin": "7091234000624",
    "name": "Fullkornspasta 500 g",
    "kategori": "Annet",
    "description": "Mer fiber.",
    "price": 64.96,
    "pricePerUnit": 129.92,
    "unit": "kg",
    "allergens": "hvete, gluten",
    "carbonFootprintGram": 442,
    "organic": false
  },
  {
    "productId": "1063",
    "gtin": "7091234000631",
    "name": "Basmatiris 1 kg",
    "kategori": "Annet",
    "description": "Lange slanke korn.",
    "price": 61.14,
    "pricePerUnit": 61.14,
    "unit": "kg",
    "allergens": "ingen",
    "carbonFootprintGram": 719,
    "organic": false
  },
  {
    "productId": "1064",
    "gtin": "7091234000648",
    "name": "Jasminris 1 kg",
    "kategori": "Annet",
    "description": "Aromatisk.",
    "price": 20.84,
    "pricePerUnit": 20.84,
    "unit": "kg",
    "allergens": "ingen",
    "carbonFootprintGram": 453,
    "organic": false
  },
  {
    "productId": "1065",
    "gtin": "7091234000655",
    "name": "Havregryn 1 kg",
    "kategori": "Baking",
    "description": "Store havregryn.",
    "price": 50.54,
    "pricePerUnit": 50.54,
    "unit": "kg",
    "allergens": "gluten",
    "carbonFootprintGram": 705,
    "organic": false
  },
  {
    "productId": "1066",
    "gtin": "7091234000662",
    "name": "Hvetemel 1 kg",
    "kategori": "Baking",
    "description": "Siktet.",
    "price": 14,
    "pricePerUnit": 14,
    "unit": "kg",
    "allergens": "hvete, gluten",
    "carbonFootprintGram": 748,
    "organic": false
  },
  {
    "productId": "1067",
    "gtin": "7091234000679",
    "name": "Sukker 1 kg",
    "kategori": "Baking",
    "description": "Finkornet.",
    "price": 69.69,
    "pricePerUnit": 69.69,
    "unit": "kg",
    "allergens": "ingen",
    "carbonFootprintGram": 311,
    "organic": false
  },
  {
    "productId": "1068",
    "gtin": "7091234000686",
    "name": "Kaffe filtermalt 250 g",
    "kategori": "Annet",
    "description": "100% arabica.",
    "price": 15.61,
    "pricePerUnit": 62.44,
    "unit": "kg",
    "allergens": "ingen",
    "carbonFootprintGram": 340,
    "organic": false
  },
  {
    "productId": "1069",
    "gtin": "7091234000693",
    "name": "Te svart 100 g",
    "kategori": "Annet",
    "description": "20 poser. Organisk",
    "price": 57.26,
    "pricePerUnit": 572.6,
    "unit": "kg",
    "allergens": "ingen",
    "carbonFootprintGram": 390,
    "organic": true
  },
  {
    "productId": "1070",
    "gtin": "7091234000709",
    "name": "Knekkebrød grovt 250 g",
    "kategori": "Brød",
    "description": "Med frø.",
    "price": 72.32,
    "pricePerUnit": 289.28,
    "unit": "kg",
    "allergens": "sesam, gluten",
    "carbonFootprintGram": 402,
    "organic": false
  },
  {
    "productId": "1071",
    "gtin": "7091234000716",
    "name": "Mais på boks 300 g",
    "kategori": "Grønt",
    "description": "Søt mais.",
    "price": 53.36,
    "pricePerUnit": 177.87,
    "unit": "kg",
    "allergens": "ingen",
    "carbonFootprintGram": 579,
    "organic": false
  },
  {
    "productId": "1072",
    "gtin": "7091234000723",
    "name": "Kikerter på boks 380 g",
    "kategori": "Grønt",
    "description": "Klare til bruk.",
    "price": 46.59,
    "pricePerUnit": 122.61,
    "unit": "kg",
    "allergens": "ingen",
    "carbonFootprintGram": 417,
    "organic": false
  },
  {
    "productId": "1073",
    "gtin": "7091234000730",
    "name": "Bønner kidney 380 g",
    "kategori": "Grønt",
    "description": "I lake. Organisk",
    "price": 31.99,
    "pricePerUnit": 84.18,
    "unit": "kg",
    "allergens": "ingen",
    "carbonFootprintGram": 421,
    "organic": true
  },
  {
    "productId": "1074",
    "gtin": "7091234000747",
    "name": "Tomater hakkede 390 g",
    "kategori": "Grønt",
    "description": "På boks.",
    "price": 55.19,
    "pricePerUnit": 141.51,
    "unit": "kg",
    "allergens": "ingen",
    "carbonFootprintGram": 618,
    "organic": false
  },
  {
    "productId": "1075",
    "gtin": "7091234000754",
    "name": "Tunfisk på boks 185 g",
    "kategori": "Kjøtt",
    "description": "I olje.",
    "price": 75.5,
    "pricePerUnit": 408.11,
    "unit": "kg",
    "allergens": "fisk",
    "carbonFootprintGram": 159,
    "organic": false
  },
  {
    "productId": "1076",
    "gtin": "7091234000761",
    "name": "Bakepulver 100 g",
    "kategori": "Baking",
    "description": "Hevemiddel.",
    "price": 43.78,
    "pricePerUnit": 437.8,
    "unit": "kg",
    "allergens": "ingen",
    "carbonFootprintGram": 151,
    "organic": false
  },
  {
    "productId": "1077",
    "gtin": "7091234000778",
    "name": "Vaniljesukker 100 g",
    "kategori": "Baking",
    "description": "Til baking.",
    "price": 40.35,
    "pricePerUnit": 403.5,
    "unit": "kg",
    "allergens": "ingen",
    "carbonFootprintGram": 167,
    "organic": false
  },
  {
    "productId": "1078",
    "gtin": "7091234000785",
    "name": "Kakaopulver 200 g",
    "kategori": "Baking",
    "description": "Baking og drikke. Organisk",
    "price": 62.76,
    "pricePerUnit": 313.8,
    "unit": "kg",
    "allergens": "ingen",
    "carbonFootprintGram": 289,
    "organic": true
  },
  {
    "productId": "1079",
    "gtin": "7091234000792",
    "name": "Sjokoladedråper 200 g",
    "kategori": "Baking",
    "description": "Til cookies.",
    "price": 60.02,
    "pricePerUnit": 300.1,
    "unit": "kg",
    "allergens": "melk, soya",
    "carbonFootprintGram": 460,
    "organic": false
  },
  {
    "productId": "1080",
    "gtin": "7091234000808",
    "name": "Gjær tørr 50 g",
    "kategori": "Baking",
    "description": "Til søt og grov bakst.",
    "price": 69.23,
    "pricePerUnit": 1384.6,
    "unit": "kg",
    "allergens": "ingen",
    "carbonFootprintGram": 434,
    "organic": false
  },
  {
    "productId": "1081",
    "gtin": "7091234000815",
    "name": "Solsikkefrø 300 g",
    "kategori": "Baking",
    "description": "Til topping.",
    "price": 43.28,
    "pricePerUnit": 144.27,
    "unit": "kg",
    "allergens": "ingen",
    "carbonFootprintGram": 577,
    "organic": false
  },
  {
    "productId": "1082",
    "gtin": "7091234000822",
    "name": "Mandler 200 g",
    "kategori": "Baking",
    "description": "Skåldede.",
    "price": 18.06,
    "pricePerUnit": 90.3,
    "unit": "kg",
    "allergens": "nøtter",
    "carbonFootprintGram": 159,
    "organic": false
  },
  {
    "productId": "1083",
    "gtin": "7091234000839",
    "name": "Hasselnøtter 200 g",
    "kategori": "Baking",
    "description": "Hele.",
    "price": 19.33,
    "pricePerUnit": 96.65,
    "unit": "kg",
    "allergens": "nøtter",
    "carbonFootprintGram": 244,
    "organic": false
  },
  {
    "productId": "1084",
    "gtin": "7091234000846",
    "name": "Valnøtter 200 g",
    "kategori": "Baking",
    "description": "Hakkede.",
    "price": 22.22,
    "pricePerUnit": 111.1,
    "unit": "kg",
    "allergens": "nøtter",
    "carbonFootprintGram": 424,
    "organic": false
  },
  {
    "productId": "1085",
    "gtin": "7091234000853",
    "name": "Rosiner 200 g",
    "kategori": "Baking",
    "description": "Saftige. Organisk",
    "price": 25.07,
    "pricePerUnit": 125.35,
    "unit": "kg",
    "allergens": "ingen",
    "carbonFootprintGram": 564,
    "organic": true
  },
  {
    "productId": "1086",
    "gtin": "7091234000860",
    "name": "Peanøttsmør 350 g",
    "kategori": "Snacks",
    "description": "Kremet. Organisk",
    "price": 38.3,
    "pricePerUnit": 109.43,
    "unit": "kg",
    "allergens": "peanøtter",
    "carbonFootprintGram": 483,
    "organic": true
  },
  {
    "productId": "1087",
    "gtin": "7091234000877",
    "name": "Syltetøy jordbær 400 g",
    "kategori": "Snacks",
    "description": "Ekstra bær. Organisk",
    "price": 57.41,
    "pricePerUnit": 143.52,
    "unit": "kg",
    "allergens": "ingen",
    "carbonFootprintGram": 852,
    "organic": true
  },
  {
    "productId": "1088",
    "gtin": "7091234000884",
    "name": "Leverpostei 200 g",
    "kategori": "Kjøtt",
    "description": "Familieboks.",
    "price": 39.3,
    "pricePerUnit": 196.5,
    "unit": "kg",
    "allergens": "ingen",
    "carbonFootprintGram": 922,
    "organic": false
  },
  {
    "productId": "1089",
    "gtin": "7091234000891",
    "name": "Makrell i tomat boks 170 g",
    "kategori": "Kjøtt",
    "description": "Klassiker.",
    "price": 21.15,
    "pricePerUnit": 124.41,
    "unit": "kg",
    "allergens": "fisk",
    "carbonFootprintGram": 1167,
    "organic": false
  },
  {
    "productId": "1090",
    "gtin": "7091234000907",
    "name": "Sjokoladepålegg 350 g",
    "kategori": "Snacks",
    "description": "Søtt pålegg.",
    "price": 45.01,
    "pricePerUnit": 128.6,
    "unit": "kg",
    "allergens": "melk, soya, hasselnøtt, nøtter",
    "carbonFootprintGram": 1054,
    "organic": false
  },
  {
    "productId": "1091",
    "gtin": "7091234000914",
    "name": "Hummus 200 g",
    "kategori": "Annet",
    "description": "Klar til bruk.",
    "price": 23.15,
    "pricePerUnit": 115.75,
    "unit": "kg",
    "allergens": "sesam",
    "carbonFootprintGram": 330,
    "organic": false
  },
  {
    "productId": "1092",
    "gtin": "7091234000921",
    "name": "Pesto grønn 190 g",
    "kategori": "Annet",
    "description": "Med basilikum.",
    "price": 64.44,
    "pricePerUnit": 339.16,
    "unit": "kg",
    "allergens": "nøtter, melk",
    "carbonFootprintGram": 1015,
    "organic": false
  },
  {
    "productId": "1093",
    "gtin": "7091234000938",
    "name": "Majones 165 g",
    "kategori": "Annet",
    "description": "Klassisk. Organisk",
    "price": 26.55,
    "pricePerUnit": 160.91,
    "unit": "kg",
    "allergens": "egg, sennep",
    "carbonFootprintGram": 455,
    "organic": true
  },
  {
    "productId": "1094",
    "gtin": "7091234000945",
    "name": "Syltede agurker 370 g",
    "kategori": "Grønt",
    "description": "Skivet.",
    "price": 57.91,
    "pricePerUnit": 156.51,
    "unit": "kg",
    "allergens": "sulfitt",
    "carbonFootprintGram": 1105,
    "organic": false
  },
  {
    "productId": "1095",
    "gtin": "7091234000952",
    "name": "Rødbeter skivet 450 g",
    "kategori": "Grønt",
    "description": "Syltede.",
    "price": 56.22,
    "pricePerUnit": 124.93,
    "unit": "kg",
    "allergens": "ingen",
    "carbonFootprintGram": 1147,
    "organic": false
  },
  {
    "productId": "1096",
    "gtin": "7091234000969",
    "name": "Appelsinjuice 1 l",
    "kategori": "Annet",
    "description": "Uten tilsatt sukker. Organisk",
    "price": 44.17,
    "pricePerUnit": 44.17,
    "unit": "l",
    "allergens": "ingen",
    "carbonFootprintGram": 170,
    "organic": true
  },
  {
    "productId": "1097",
    "gtin": "7091234000976",
    "name": "Eplejuice 1 l",
    "kategori": "Annet",
    "description": "Fra konsentrat.",
    "price": 35.78,
    "pricePerUnit": 35.78,
    "unit": "l",
    "allergens": "ingen",
    "carbonFootprintGram": 250,
    "organic": false
  },
  {
    "productId": "1098",
    "gtin": "7091234000983",
    "name": "Brus cola 1,5 l",
    "kategori": "Annet",
    "description": "Med sukker. Organisk",
    "price": 40.24,
    "pricePerUnit": 26.83,
    "unit": "l",
    "allergens": "ingen",
    "carbonFootprintGram": 207,
    "organic": true
  },
  {
    "productId": "1099",
    "gtin": "7091234000990",
    "name": "Brus sukkerfri 1,5 l",
    "kategori": "Annet",
    "description": "Uten sukker.",
    "price": 34.54,
    "pricePerUnit": 23.03,
    "unit": "l",
    "allergens": "ingen",
    "carbonFootprintGram": 275,
    "organic": false
  },
  {
    "productId": "1100",
    "gtin": "7091234001003",
    "name": "Mineralvann 1,5 l",
    "kategori": "Annet",
    "description": "Med kullsyre.",
    "price": 17.79,
    "pricePerUnit": 11.86,
    "unit": "l",
    "allergens": "ingen",
    "carbonFootprintGram": 315,
    "organic": false
  },
  {
    "productId": "1101",
    "gtin": "7091234001010",
    "name": "Vann uten kullsyre 1,5 l",
    "kategori": "Annet",
    "description": "Naturell. Organisk",
    "price": 37.84,
    "pricePerUnit": 25.23,
    "unit": "l",
    "allergens": "ingen",
    "carbonFootprintGram": 196,
    "organic": true
  },
  {
    "productId": "1102",
    "gtin": "7091234001027",
    "name": "Kakao drikkeklar 330 ml",
    "kategori": "Annet",
    "description": "På kartong.",
    "price": 16.76,
    "pricePerUnit": 50.79,
    "unit": "l",
    "allergens": "melk, laktose",
    "carbonFootprintGram": 248,
    "organic": false
  },
  {
    "productId": "1103",
    "gtin": "7091234001034",
    "name": "Iskaffe 330 ml",
    "kategori": "Annet",
    "description": "Søtet.",
    "price": 43.84,
    "pricePerUnit": 132.85,
    "unit": "l",
    "allergens": "melk, laktose",
    "carbonFootprintGram": 222,
    "organic": false
  },
  {
    "productId": "1104",
    "gtin": "7091234001041",
    "name": "Energidrikk 500 ml",
    "kategori": "Annet",
    "description": "Koffeinholdig.",
    "price": 23.99,
    "pricePerUnit": 47.98,
    "unit": "l",
    "allergens": "ingen",
    "carbonFootprintGram": 354,
    "organic": false
  },
  {
    "productId": "1105",
    "gtin": "7091234001058",
    "name": "Sportsdrikk 500 ml",
    "kategori": "Annet",
    "description": "Elektrolytter.",
    "price": 14.04,
    "pricePerUnit": 28.08,
    "unit": "l",
    "allergens": "ingen",
    "carbonFootprintGram": 213,
    "organic": false
  },
  {
    "productId": "1106",
    "gtin": "7091234001065",
    "name": "Frosne erter 600 g",
    "kategori": "Grønt",
    "description": "Søte erter.",
    "price": 88.85,
    "pricePerUnit": 148.08,
    "unit": "kg",
    "allergens": "ingen",
    "carbonFootprintGram": 239,
    "organic": false
  },
  {
    "productId": "1107",
    "gtin": "7091234001072",
    "name": "Frosne blåbær 400 g",
    "kategori": "Frukt",
    "description": "Høstet i skogen.",
    "price": 44.2,
    "pricePerUnit": 110.5,
    "unit": "kg",
    "allergens": "ingen",
    "carbonFootprintGram": 521,
    "organic": false
  },
  {
    "productId": "1108",
    "gtin": "7091234001089",
    "name": "Pizza frossen 450 g",
    "kategori": "Snacks",
    "description": "Klassisk pepperoni.",
    "price": 55.8,
    "pricePerUnit": 124,
    "unit": "kg",
    "allergens": "hvete, gluten, melk",
    "carbonFootprintGram": 594,
    "organic": false
  },
  {
    "productId": "1109",
    "gtin": "7091234001096",
    "name": "Pommes frites 750 g",
    "kategori": "Snacks",
    "description": "Sprø i ovn.",
    "price": 69.61,
    "pricePerUnit": 92.81,
    "unit": "kg",
    "allergens": "ingen",
    "carbonFootprintGram": 201,
    "organic": false
  },
  {
    "productId": "1110",
    "gtin": "7091234001102",
    "name": "Kyllingnuggets 600 g",
    "kategori": "Kjøtt",
    "description": "Panerte.",
    "price": 24.9,
    "pricePerUnit": 41.5,
    "unit": "kg",
    "allergens": "gluten",
    "carbonFootprintGram": 880,
    "organic": false
  },
  {
    "productId": "1111",
    "gtin": "7091234001119",
    "name": "Vegetarlasagne 400 g",
    "kategori": "Annet",
    "description": "Med spinat.",
    "price": 66.44,
    "pricePerUnit": 166.1,
    "unit": "kg",
    "allergens": "hvete, gluten, melk",
    "carbonFootprintGram": 327,
    "organic": false
  },
  {
    "productId": "1112",
    "gtin": "7091234001126",
    "name": "Fiskepinner 450 g",
    "kategori": "Kjøtt",
    "description": "Sprø panering.",
    "price": 66.68,
    "pricePerUnit": 148.18,
    "unit": "kg",
    "allergens": "fisk, gluten",
    "carbonFootprintGram": 534,
    "organic": false
  },
  {
    "productId": "1113",
    "gtin": "7091234001133",
    "name": "Bærmiks 500 g",
    "kategori": "Frukt",
    "description": "Jordbær, blåbær, bringebær.",
    "price": 58.81,
    "pricePerUnit": 117.62,
    "unit": "kg",
    "allergens": "ingen",
    "carbonFootprintGram": 396,
    "organic": false
  },
  {
    "productId": "1114",
    "gtin": "7091234001140",
    "name": "Wokgrønnsaker 750 g",
    "kategori": "Grønt",
    "description": "Asiatisk miks.",
    "price": 46.54,
    "pricePerUnit": 62.05,
    "unit": "kg",
    "allergens": "ingen",
    "carbonFootprintGram": 966,
    "organic": false
  },
  {
    "productId": "1115",
    "gtin": "7091234001157",
    "name": "Iskrem vanilje 1 kg",
    "kategori": "Snacks",
    "description": "Kremet is.",
    "price": 41.07,
    "pricePerUnit": 41.07,
    "unit": "kg",
    "allergens": "melk, laktose",
    "carbonFootprintGram": 761,
    "organic": false
  },
  {
    "productId": "1116",
    "gtin": "7091234001164",
    "name": "Potetgull salt 200 g",
    "kategori": "Snacks",
    "description": "Tynne chips.",
    "price": 19.46,
    "pricePerUnit": 97.3,
    "unit": "kg",
    "allergens": "ingen",
    "carbonFootprintGram": 793,
    "organic": false
  },
  {
    "productId": "1117",
    "gtin": "7091234001171",
    "name": "Tortillachips 200 g",
    "kategori": "Snacks",
    "description": "Maisbasert.",
    "price": 29.9,
    "pricePerUnit": 149.5,
    "unit": "kg",
    "allergens": "ingen",
    "carbonFootprintGram": 418,
    "organic": false
  },
  {
    "productId": "1118",
    "gtin": "7091234001188",
    "name": "Popcorn mikrobølge 270 g",
    "kategori": "Snacks",
    "description": "3 poser.",
    "price": 53.19,
    "pricePerUnit": 197,
    "unit": "kg",
    "allergens": "ingen",
    "carbonFootprintGram": 373,
    "organic": false
  },
  {
    "productId": "1119",
    "gtin": "7091234001195",
    "name": "Nøttemiks 200 g",
    "kategori": "Snacks",
    "description": "Ristet. Organisk",
    "price": 39.87,
    "pricePerUnit": 199.35,
    "unit": "kg",
    "allergens": "nøtter, peanøtter",
    "carbonFootprintGram": 834,
    "organic": true
  },
  {
    "productId": "1120",
    "gtin": "7091234001201",
    "name": "Sjokoladeplate lys 200 g",
    "kategori": "Snacks",
    "description": "Kremet.",
    "price": 52.84,
    "pricePerUnit": 264.2,
    "unit": "kg",
    "allergens": "melk, soya",
    "carbonFootprintGram": 440,
    "organic": false
  },
  {
    "productId": "1121",
    "gtin": "7091234001218",
    "name": "Mørk sjokolade 70% 100 g",
    "kategori": "Snacks",
    "description": "Intens smak.",
    "price": 18.96,
    "pricePerUnit": 189.6,
    "unit": "kg",
    "allergens": "soya",
    "carbonFootprintGram": 225,
    "organic": false
  },
  {
    "productId": "1122",
    "gtin": "7091234001225",
    "name": "Kjeks havre 200 g",
    "kategori": "Snacks",
    "description": "Sprø.",
    "price": 31.38,
    "pricePerUnit": 156.9,
    "unit": "kg",
    "allergens": "gluten",
    "carbonFootprintGram": 274,
    "organic": false
  },
  {
    "productId": "1123",
    "gtin": "7091234001232",
    "name": "Riskaker 130 g",
    "kategori": "Snacks",
    "description": "Saltede.",
    "price": 38.34,
    "pricePerUnit": 294.92,
    "unit": "kg",
    "allergens": "ingen",
    "carbonFootprintGram": 399,
    "organic": false
  },
  {
    "productId": "1124",
    "gtin": "7091234001249",
    "name": "Proteinbar 55 g",
    "kategori": "Snacks",
    "description": "Sjokoladesmak.",
    "price": 20.98,
    "pricePerUnit": 381.45,
    "unit": "kg",
    "allergens": "melk, soya, peanøtter",
    "carbonFootprintGram": 871,
    "organic": false
  },
  {
    "productId": "1125",
    "gtin": "7091234001256",
    "name": "Lakris 200 g",
    "kategori": "Snacks",
    "description": "Myk.",
    "price": 48.72,
    "pricePerUnit": 243.6,
    "unit": "kg",
    "allergens": "ingen",
    "carbonFootprintGram": 309,
    "organic": false
  },
  {
    "productId": "1126",
    "gtin": "7091234001263",
    "name": "Salt fint 500 g",
    "kategori": "Annet",
    "description": "Jodsalt. Organisk",
    "price": 34.12,
    "pricePerUnit": 68.24,
    "unit": "kg",
    "allergens": "ingen",
    "carbonFootprintGram": 182,
    "organic": true
  },
  {
    "productId": "1127",
    "gtin": "7091234001270",
    "name": "Pepper sort malt 70 g",
    "kategori": "Annet",
    "description": "Aromatisk. Organisk",
    "price": 17.48,
    "pricePerUnit": 249.71,
    "unit": "kg",
    "allergens": "ingen",
    "carbonFootprintGram": 81,
    "organic": true
  },
  {
    "productId": "1128",
    "gtin": "7091234001287",
    "name": "Paprikapulver 75 g",
    "kategori": "Annet",
    "description": "Mild.",
    "price": 23.94,
    "pricePerUnit": 319.2,
    "unit": "kg",
    "allergens": "ingen",
    "carbonFootprintGram": 185,
    "organic": false
  },
  {
    "productId": "1129",
    "gtin": "7091234001294",
    "name": "Spisskummen 60 g",
    "kategori": "Annet",
    "description": "Malt.",
    "price": 36.74,
    "pricePerUnit": 612.33,
    "unit": "kg",
    "allergens": "ingen",
    "carbonFootprintGram": 179,
    "organic": false
  },
  {
    "productId": "1130",
    "gtin": "7091234001300",
    "name": "Kanel malt 70 g",
    "kategori": "Baking",
    "description": "Til baking.",
    "price": 26.44,
    "pricePerUnit": 377.71,
    "unit": "kg",
    "allergens": "ingen",
    "carbonFootprintGram": 90,
    "organic": false
  },
  {
    "productId": "1131",
    "gtin": "7091234001317",
    "name": "Oregano 15 g",
    "kategori": "Annet",
    "description": "Tørket.",
    "price": 32.55,
    "pricePerUnit": 2170,
    "unit": "kg",
    "allergens": "ingen",
    "carbonFootprintGram": 120,
    "organic": false
  },
  {
    "productId": "1132",
    "gtin": "7091234001324",
    "name": "Basilikum 12 g",
    "kategori": "Annet",
    "description": "Tørket. Organisk",
    "price": 18.24,
    "pricePerUnit": 1520,
    "unit": "kg",
    "allergens": "ingen",
    "carbonFootprintGram": 69,
    "organic": true
  },
  {
    "productId": "1133",
    "gtin": "7091234001331",
    "name": "Karri 70 g",
    "kategori": "Annet",
    "description": "Mild indisk blanding. Organisk",
    "price": 20.08,
    "pricePerUnit": 286.86,
    "unit": "kg",
    "allergens": "ingen",
    "carbonFootprintGram": 188,
    "organic": true
  },
  {
    "productId": "1134",
    "gtin": "7091234001348",
    "name": "Chiliflakes 30 g",
    "kategori": "Annet",
    "description": "Sterk. Organisk",
    "price": 16.94,
    "pricePerUnit": 564.67,
    "unit": "kg",
    "allergens": "ingen",
    "carbonFootprintGram": 89,
    "organic": true
  },
  {
    "productId": "1135",
    "gtin": "7091234001355",
    "name": "Tacokrydder 28 g",
    "kategori": "Annet",
    "description": "Til fredagstaco.",
    "price": 22.23,
    "pricePerUnit": 793.93,
    "unit": "kg",
    "allergens": "ingen",
    "carbonFootprintGram": 188,
    "organic": false
  },
  {
    "productId": "1136",
    "gtin": "7091234001362",
    "name": "Cornflakes 500 g",
    "kategori": "Annet",
    "description": "Sprø maisflak.",
    "price": 28.44,
    "pricePerUnit": 56.88,
    "unit": "kg",
    "allergens": "ingen",
    "carbonFootprintGram": 630,
    "organic": false
  },
  {
    "productId": "1137",
    "gtin": "7091234001379",
    "name": "Müsli 750 g",
    "kategori": "Annet",
    "description": "Med nøtter og frø.",
    "price": 52.97,
    "pricePerUnit": 70.63,
    "unit": "kg",
    "allergens": "nøtter, gluten, sesam",
    "carbonFootprintGram": 220,
    "organic": false
  },
  {
    "productId": "1138",
    "gtin": "7091234001386",
    "name": "Havrefras 375 g",
    "kategori": "Annet",
    "description": "Fiber.",
    "price": 76.28,
    "pricePerUnit": 203.41,
    "unit": "kg",
    "allergens": "gluten",
    "carbonFootprintGram": 505,
    "organic": false
  },
  {
    "productId": "1139",
    "gtin": "7091234001393",
    "name": "Granola 500 g",
    "kategori": "Annet",
    "description": "Sprø klynger.",
    "price": 76.97,
    "pricePerUnit": 153.94,
    "unit": "kg",
    "allergens": "nøtter, gluten, sesam",
    "carbonFootprintGram": 629,
    "organic": false
  },
  {
    "productId": "1140",
    "gtin": "7091234001409",
    "name": "Puffet ris 300 g",
    "kategori": "Annet",
    "description": "Frokost blanding.",
    "price": 32.74,
    "pricePerUnit": 109.13,
    "unit": "kg",
    "allergens": "ingen",
    "carbonFootprintGram": 697,
    "organic": false
  },
  {
    "productId": "1141",
    "gtin": "7091234001416",
    "name": "Knekkebrød fint 250 g",
    "kategori": "Brød",
    "description": "Tynne skiver.",
    "price": 58.48,
    "pricePerUnit": 233.92,
    "unit": "kg",
    "allergens": "gluten",
    "carbonFootprintGram": 614,
    "organic": false
  },
  {
    "productId": "1142",
    "gtin": "7091234001423",
    "name": "Protein granola 400 g",
    "kategori": "Annet",
    "description": "Med soyaprotein.",
    "price": 74.77,
    "pricePerUnit": 186.92,
    "unit": "kg",
    "allergens": "soya, nøtter, gluten",
    "carbonFootprintGram": 837,
    "organic": false
  },
  {
    "productId": "1143",
    "gtin": "7091234001430",
    "name": "Havrekli 500 g",
    "kategori": "Baking",
    "description": "Til grøt. Organisk",
    "price": 53.47,
    "pricePerUnit": 106.94,
    "unit": "kg",
    "allergens": "gluten",
    "carbonFootprintGram": 878,
    "organic": true
  },
  {
    "productId": "1144",
    "gtin": "7091234001447",
    "name": "Chiafrø 300 g",
    "kategori": "Baking",
    "description": "Omega-3 kilde. Organisk",
    "price": 42.86,
    "pricePerUnit": 142.87,
    "unit": "kg",
    "allergens": "ingen",
    "carbonFootprintGram": 672,
    "organic": true
  },
  {
    "productId": "1145",
    "gtin": "7091234001454",
    "name": "Linfrø 300 g",
    "kategori": "Baking",
    "description": "Knuste.",
    "price": 39.64,
    "pricePerUnit": 132.13,
    "unit": "kg",
    "allergens": "ingen",
    "carbonFootprintGram": 416,
    "organic": false
  }
]